@manual{ xhci,
    keywords = "usb",
    shorthand = "xHCI",
    version = "1.1",
    author = {Intel Corporation},
    title = "eXtensible Host Controller Interface for Universal Serial Bus",
    year = "2013",
    url = "https://www.intel.com/content/www/us/en/io/universal-serial-bus/extensible-host-controler-interface-usb-xhci.html",
}

@manual { ehci,
    keywords = "usb",
    shorthand = "EHCI",
    title = "Enhanced Host Controller Interface Specification for Universal Serial Bus",
    author = {Intel Corporation},
    version = "1.0",
    year = "2002",
    url = "https://www.intel.com/content/www/us/en/io/universal-serial-bus/ehci-specification-for-usb.html",
}

@manual { usb32,
    keywords = "usb",
    shorthand = "USB 3.2",
    title = "Universal Serial Bus 3.2 Specification",
    year = "2017",
    url = "http://www.usb.org/developers/docs/",
}

@manual { usb2,
    keywords = "usb",
    shorthand = "USB 2.0",
    title = "Universal Serial Bus 2.0 Specification",
    year = "2000",
    url = "http://www.usb.org/developers/docs/usb20_docs/",
}

@online{ helenos:main,
    keywords = "helenos",
    title = "About HelenOS",
    year = "2017",
    url = "http://www.helenos.org/",
  }

@collection { helenos:wiki,
    keywords = "helenos",
    title = "Knowledge Articles on HelenOS Wiki",
    url = "http://www.helenos.org/wiki/KnowledgeArticles",
}

@thesis { helenos:ddf,
    keywords = "helenos",
    author = "Lenka Trochtová",
    title = "Rozhraní pro ovladače zařízení v HelenOS",
    year = "2010",
    url = "https://is.cuni.cz/webapps/zzp/detail/47852/",
  }

@manual { helenos:helusb,
    keywords = "helenos",
    title = "USB subsystem in HelenOS",
    url = "http://helenos-usb.sourceforge.net/",
  }

@manual { helenos:compiling,
    keywords = "helenos",
    title = "Compiling HelenOS From Source",
    year = "2018",
    url = "http://www.helenos.org/wiki/UsersGuide/CompilingFromSource",
  }
